<?xml version="1.0" encoding="UTF-8"?>
<collection><record><leader>02113cas a22004577i 4500</leader><controlfield tag="001">9925884968902311</controlfield><controlfield tag="005">20200528000837.0</controlfield><controlfield tag="006">m     o  d        </controlfield><controlfield tag="007">cr#|||||||||||</controlfield><controlfield tag="008">190711d19721977tnuwr p o    s|   a0eng  </controlfield><datafield tag="010" ind1=" " ind2=" "><subfield code="a">  2019202639</subfield></datafield><datafield tag="012" ind1=" " ind2=" "><subfield code="l">1</subfield></datafield><datafield tag="022" ind1="0" ind2=" "><subfield code="a">2688-0725</subfield><subfield code="2">1</subfield></datafield><datafield tag="035" ind1=" " ind2=" "><subfield code="a">(OCoLC)1107881049</subfield></datafield><datafield tag="035" ind1=" " ind2=" "><subfield code="a">(OCoLC)on1107881049</subfield></datafield><datafield tag="037" ind1=" " ind2=" "><subfield code="b">The University of Tennessee Libraries, 312 John C. Hodges, Library, 1015 Volunteer Blvd., Knoxville, TN 37996-1000</subfield></datafield><datafield tag="040" ind1=" " ind2=" "><subfield code="a">DLC</subfield><subfield code="c">DLC</subfield><subfield code="b">eng</subfield><subfield code="e">rda</subfield><subfield code="d">DLC</subfield><subfield code="d">TKN</subfield></datafield><datafield tag="042" ind1=" " ind2=" "><subfield code="a">pcc</subfield><subfield code="a">nsdp</subfield></datafield><datafield tag="049" ind1=" " ind2=" "><subfield code="a">TKNN</subfield></datafield><datafield tag="050" ind1="1" ind2="0"><subfield code="a">ISSN RECORD</subfield></datafield><datafield tag="130" ind1="0" ind2=" "><subfield code="a">Agricultural news (Knoxville, Tenn.)</subfield></datafield><datafield tag="222" ind1=" " ind2="0"><subfield code="a">Agricultural news</subfield><subfield code="b">(Knoxville, Tenn. Online)</subfield></datafield><datafield tag="245" ind1="1" ind2="0"><subfield code="a">Agricultural news.</subfield></datafield><datafield tag="264" ind1=" " ind2="1"><subfield code="a">[Knoxville, TN] :</subfield><subfield code="b">Agricultural Extension Service, University of Tennessee,</subfield><subfield code="c">1972-</subfield></datafield><datafield tag="310" ind1=" " ind2=" "><subfield code="a">Weekly</subfield></datafield><datafield tag="336" ind1=" " ind2=" "><subfield code="a">text</subfield><subfield code="b">txt</subfield><subfield code="2">rdacontent</subfield></datafield><datafield tag="337" ind1=" " ind2=" "><subfield code="a">computer</subfield><subfield code="b">c</subfield><subfield code="2">rdamedia</subfield></datafield><datafield tag="338" ind1=" " ind2=" "><subfield code="a">online resource</subfield><subfield code="b">cr</subfield><subfield code="2">rdacarrier</subfield></datafield><datafield tag="362" ind1="1" ind2=" "><subfield code="a">Began with: October 23, 1972; ceased June 27, 1977.</subfield></datafield><datafield tag="588" ind1=" " ind2=" "><subfield code="a">Description based on: October 23, 1972; title from pdf caption (digital.lib.utk.edu/collections website, viewed July 11, 2019).</subfield></datafield><datafield tag="588" ind1=" " ind2=" "><subfield code="a">Latest issue consulted: June 27, 1977 (viewed February 25, 2020).</subfield></datafield><datafield tag="710" ind1="2" ind2=" "><subfield code="a">University of Tennessee, Knoxville.</subfield><subfield code="b">Agricultural Extension Service.</subfield></datafield><datafield tag="776" ind1="0" ind2="8"><subfield code="i">Print version:</subfield><subfield code="t">Agricultural news (Knoxville, Tenn.)</subfield><subfield code="x">2688-0717</subfield><subfield code="w">(DLC)  2019202638</subfield><subfield code="w">(OCoLC)31317472</subfield></datafield><datafield tag="780" ind1="0" ind2="0"><subfield code="t">Farm news (Knoxville, Tenn.)</subfield><subfield code="x">2688-0547</subfield><subfield code="w">(DLC)  2019202636</subfield><subfield code="w">(OCoLC)1107879127</subfield></datafield><datafield tag="785" ind1="0" ind2="7"><subfield code="t">Home economics news (Knoxville, Tenn.)</subfield></datafield><datafield tag="785" ind1="0" ind2="7"><subfield code="t">Agricultural &amp; home economics news</subfield><subfield code="x">2688-075X</subfield><subfield code="w">(DLC)  2019202641</subfield><subfield code="w">(OCoLC)1107881561</subfield></datafield><datafield tag="856" ind1="4" ind2="0"><subfield code="u">https://digital.lib.utk.edu/collections/islandora/search/utk_mods_publication_identifier_ms%3A%222688-0725%22?type=edismax&amp;cp=collections%3Aagrtfn</subfield></datafield><datafield tag="856" ind1="4" ind2="0"><subfield code="u">https://digital.lib.utk.edu/collections/agrtfncollection</subfield></datafield><datafield tag="856" ind1="4" ind2="0"><subfield code="u">https://extension.tennessee.edu/</subfield></datafield><datafield tag="945" ind1=" " ind2=" "><subfield code="a">Project Ceres: Agricultural Serials Digitization Project</subfield></datafield><datafield tag="994" ind1=" " ind2=" "><subfield code="a">C0</subfield><subfield code="b">TKN</subfield></datafield></record>