<record><leader>02176cas a22004577i 4500</leader><controlfield tag="001">9925885368702311</controlfield><controlfield tag="005">20200528001829.0</controlfield><controlfield tag="006">m     o  d        </controlfield><controlfield tag="007">cr#|||||||||||</controlfield><controlfield tag="008">190712u1985uuuutnuwr p o     |   a0eng  </controlfield><datafield tag="010" ind1=" " ind2=" "><subfield code="a">  2019202643</subfield></datafield><datafield tag="012" ind1=" " ind2=" "><subfield code="l">1</subfield></datafield><datafield tag="022" ind1="0" ind2=" "><subfield code="a">2688-0830</subfield><subfield code="2">1</subfield></datafield><datafield tag="035" ind1=" " ind2=" "><subfield code="a">(OCoLC)1107989563</subfield></datafield><datafield tag="035" ind1=" " ind2=" "><subfield code="a">(OCoLC)on1107989563</subfield></datafield><datafield tag="037" ind1=" " ind2=" "><subfield code="b">Agricultural Extension Service, University of Tennessee Institute of Agriculture, P.O. Box 1071, Knoxville, TN 37901-1071</subfield></datafield><datafield tag="040" ind1=" " ind2=" "><subfield code="a">DLC</subfield><subfield code="c">DLC</subfield><subfield code="b">eng</subfield><subfield code="e">rda</subfield><subfield code="d">DLC</subfield><subfield code="d">OCLCO</subfield><subfield code="d">DLC</subfield><subfield code="d">TKN</subfield></datafield><datafield tag="042" ind1=" " ind2=" "><subfield code="a">pcc</subfield><subfield code="a">nsdp</subfield></datafield><datafield tag="049" ind1=" " ind2=" "><subfield code="a">TKNN</subfield></datafield><datafield tag="050" ind1="1" ind2="0"><subfield code="a">ISSN RECORD</subfield></datafield><datafield tag="222" ind1=" " ind2="0"><subfield code="a">Agricultural and home economics packet</subfield><subfield code="b">(Online)</subfield></datafield><datafield tag="245" ind1="0" ind2="0"><subfield code="a">Agricultural and home economics packet.</subfield></datafield><datafield tag="246" ind1="1" ind2=" "><subfield code="a">Agricultural and home economics packet: news releases from Extension</subfield></datafield><datafield tag="246" ind1="1" ind2=" "><subfield code="a">News releases from extension</subfield></datafield><datafield tag="246" ind1="1" ind2=" "><subfield code="i">Title on some issues:</subfield><subfield code="a">Agricultural and family and consumer sciences packet</subfield></datafield><datafield tag="264" ind1=" " ind2="1"><subfield code="a">Knoxville, TN :</subfield><subfield code="b">University of Tennessee, Agricultural Extension Service</subfield></datafield><datafield tag="310" ind1=" " ind2=" "><subfield code="a">Weekly</subfield></datafield><datafield tag="336" ind1=" " ind2=" "><subfield code="a">text</subfield><subfield code="b">txt</subfield><subfield code="2">rdacontent</subfield></datafield><datafield tag="337" ind1=" " ind2=" "><subfield code="a">computer</subfield><subfield code="b">c</subfield><subfield code="2">rdamedia</subfield></datafield><datafield tag="338" ind1=" " ind2=" "><subfield code="a">online resource</subfield><subfield code="b">cr</subfield><subfield code="2">rdacarrier</subfield></datafield><datafield tag="515" ind1=" " ind2=" "><subfield code="a">Issued weekly without numbering, but includes mailing date.</subfield></datafield><datafield tag="588" ind1=" " ind2=" "><subfield code="a">Description based on: Mailed March 15, 1985; title from pdf cover (digital.lib.utk.edu/collections website, viewed July 12, 2019).</subfield></datafield><datafield tag="588" ind1=" " ind2=" "><subfield code="a">Latest issue consulted: Mailed December 21, 1988 (viewed February 26, 2020).</subfield></datafield><datafield tag="710" ind1="2" ind2=" "><subfield code="a">University of Tennessee, Knoxville.</subfield><subfield code="b">Agricultural Extension Service.</subfield></datafield><datafield tag="776" ind1="0" ind2="8"><subfield code="t">Agricultural and home economics packet</subfield><subfield code="x">2688-0822</subfield><subfield code="w">(DLC)  2019202642</subfield><subfield code="w">(OCoLC)25315072</subfield></datafield><datafield tag="780" ind1="0" ind2="0"><subfield code="t">Agricultural &amp; home economics news</subfield><subfield code="x">2688-075X</subfield><subfield code="w">(DLC)  2019202641</subfield><subfield code="w">(OCoLC)1107881561</subfield></datafield><datafield tag="856" ind1="4" ind2="0"><subfield code="u">https://digital.lib.utk.edu/collections/islandora/search/utk_mods_publication_identifier_ms%3A%222688-0830%22?type=edismax&amp;cp=collections%3Aagrtfn</subfield></datafield><datafield tag="856" ind1="4" ind2="0"><subfield code="u">https://digital.lib.utk.edu/collections/agrtfncollection</subfield></datafield><datafield tag="856" ind1="4" ind2="0"><subfield code="u">https://extension.tennessee.edu/</subfield></datafield><datafield tag="945" ind1=" " ind2=" "><subfield code="a">Project Ceres: Agricultural Serials Digitization Project.</subfield></datafield><datafield tag="994" ind1=" " ind2=" "><subfield code="a">C0</subfield><subfield code="b">TKN</subfield></datafield></record>